<record><leader>00000cas a22000007a 4500</leader><controlfield tag="001">16963365</controlfield><controlfield tag="008">871111d19uu1911txuwr ne      0    0eng d</controlfield><datafield ind1=" " ind2=" " tag="010"><subfield code="a">sn 87091165 </subfield></datafield><datafield ind1=" " ind2=" " tag="040"><subfield code="a">PPM</subfield><subfield code="b">eng</subfield><subfield code="c">PPM</subfield><subfield code="d">OCLCQ</subfield></datafield><datafield ind1=" " ind2=" " tag="042"><subfield code="a">msc</subfield></datafield><datafield ind1="0" ind2="0" tag="245"><subfield code="a">Burleson County ledger.</subfield></datafield><datafield ind1=" " ind2=" " tag="260"><subfield code="a">Caldwell, Tex. :</subfield><subfield code="b">W.W. Rankin</subfield></datafield><datafield ind1=" " ind2=" " tag="310"><subfield code="a">Weekly</subfield></datafield><datafield ind1="1" ind2=" " tag="362"><subfield code="a">Ceased in 1911.</subfield></datafield><datafield ind1=" " ind2=" " tag="588"><subfield code="a">Description based on: Vol. 9, no. 38 (Jan. 26, 1906).</subfield></datafield><datafield ind1=" " ind2=" " tag="752"><subfield code="a">United States</subfield><subfield code="b">Texas</subfield><subfield code="c">Burleson</subfield><subfield code="d">Caldwell.</subfield></datafield><datafield ind1="0" ind2="0" tag="780"><subfield code="t">Burleson County weekly ledger</subfield><subfield code="w">(DLC)sn 88083670</subfield></datafield><datafield ind1="0" ind2="7" tag="785"><subfield code="t">Caldwell news-chronicle</subfield><subfield code="w">(DLC)sn 88083670</subfield></datafield><datafield ind1="0" ind2="7" tag="785"><subfield code="t">Burleson County ledger and news-chronicle</subfield><subfield code="w">(DLC)sn 86088402</subfield></datafield></record>